% this is the bibliography file


@Misc{defreez,
  author = 	 {Daniel Defreez},
  title = 	 {Android Privacy through Encryption},
  howpublished = {\url{http://defreez.com/articles/thesis.pdf}},
  month = 	 {May},
  year = 	 {2012}
}

@Misc{encfs,
  author = 	 {Zhaohui Wang and Rahul Murmuria and Angelos Stavrou},
  title = 	 {Implementing and Optimizing an Encryption Filesystem on Android},
  howpublished = {\url{http://ieeexplore.ieee.org/stamp/stamp.jsp?tp=&arnumber=6341374&tag=1}},
  year = 	 {2012}
}

@Misc{ecrpytfs,
  title =    {ECryptfs},
  howpublished = {\url{https://wiki.archlinux.org/index.php/ECryptfs}}
}

@Misc{ecryptfs-keys,
  title =    {Encrypted keys for the eCryptfs filesystem},
  howpublished = {\url{https://www.kernel.org/doc/Documentation/security/keys-ecryptfs.txt}}
}

@Misc{selinux,
  title =    {SELinux},
  howpublished = {\url{http://selinuxproject.org/page/NB_Overview}}
}

@Misc{enc-basics,
  title =    {Encryption Basics},
  author =   {Kevin Stine and Quynh Dang},
  month =    {May},
  year =     {2011},
  howpublished = {\url{http://library.ahima.org/xpedio/groups/public/documents/ahima/bok1_048923.hcsp?dDocName=bok1_048923}}
}

@Misc{disk-enc,
  title =    {Disk Encryption},
  howpublished = {\url{https://wiki.archlinux.org/index.php/Disk_encryption}}
}

@Misc{ecryptfs-paper,
  author =   {Michael Austin Halcrow},
  title =    {eCryptfs: An Enterprise-class Encrypted Filesystem for
Linux},
  howpublished = {\url{http://uni-smr.ac.ru/archive/linux/linuxsymposium_procv1.pdf\#page=209}}
}

@Misc{binder,
  author =   {Dhinakaran Pandiyan and Saketh Paranjape},
  title =    {Android Architecture and Binder},
  howpublished = {\url{http://rts.lab.asu.edu/web_438/project_final/CSE_598_Android_Architecture_Binder.pdf}}
}
